<?xml version="1.0" encoding="UTF-8"?><collection xmlns="http://www.loc.gov/MARC21/slim"><record><leader>00425nam--2200145-i-4500</leader><controlfield tag="001">000027255</controlfield><controlfield tag="002">20161230</controlfield><controlfield tag="005">20161230201036</controlfield><controlfield tag="008">060222s1000------------r-----000-0-eng-d</controlfield><datafield ind1=" " ind2=" " tag="080"><subfield code="a">537.311.322:537.22.22:621.318</subfield></datafield><datafield ind1=" " ind2=" " tag="245"><subfield code="a">Materialls, properties and preparation</subfield></datafield><datafield ind1=" " ind2=" " tag="260"><subfield code="a">Amsterdam, North-holland Publishing Company, 1980. Xiii+925p</subfield></datafield><datafield ind1=" " ind2=" " tag="490"><subfield code="a">Handbook On Semiconductors</subfield></datafield><datafield ind1=" " ind2=" " tag="700"><subfield code="a">Keller,Seymour P</subfield></datafield><datafield ind1=" " ind2=" " tag="852"><subfield code="a">48008</subfield></datafield></record></collection>